@book{卓金武2011MATLAB,
  author    = {卓金武},
  title     = {MATLAB在数学建模中的应用},
  address   = {北京},
  publisher = {北京航空航天大学出版社},
  year      = {2011}
}

@book{司守奎2015数学建模算法与应用,
  author    = {司守奎 and 孙玺菁},
  title     = {数学建模算法与应用},
  address   = {北京},
  publisher = {国防工业出版社},
  year      = {2015},
  edition   = {2}
}

@book{同济大学数学系2014高等数学,
  author    = {同济大学数学系},
  title     = {高等数学},
  address   = {北京},
  publisher = {高等教育出版社},
  year      = {2014},
  edition   = {8}
}

@book{PythonProgramInferance,
  author    = {Kenneth Reitz and Tanya Schlusser},
  editor    = {夏永锋 and 廖邦杰},
  publisher = {电子工业出版社},
  title     = {Python编程之美：最佳实践指南},
  year      = {2018}
}

@book{MachineLearning,
  author    = {Tom Mitchell},
  editor    = {机械工业出版社},
  publisher = {机械工业出版社},
  title     = {机器学习},
  year      = {2008}
}

@book{PythonNuralNetwork,
  author    = {Tariq Rashid and 林赐},
  editor    = {人民邮电出版社},
  publisher = {人民邮电出版社},
  title     = {Python神经网络编程 Make Your Own Neural Network},
  year      = {2018}
}