@book{卓金武2011MATLAB,
    author={卓金武},
    title={MATLAB在数学建模中的应用},
    address={北京},
    publisher={北京航空航天大学出版社},
    year={2011}
}